<record><leader>00000cas a2200000 a 4500</leader><controlfield tag="001">14575047</controlfield><controlfield tag="008">861030d19151918wauwr ne      0    0eng d</controlfield><datafield ind1=" " ind2=" " tag="010"><subfield code="a">sn 86063340 </subfield></datafield><datafield ind1=" " ind2=" " tag="040"><subfield code="a">KSH</subfield><subfield code="b">eng</subfield><subfield code="c">KSH</subfield><subfield code="d">NPT</subfield><subfield code="d">SLZ</subfield><subfield code="d">OCL</subfield><subfield code="d">OCLCQ</subfield><subfield code="d">OCLCF</subfield><subfield code="d">OCLCO</subfield></datafield><datafield ind1="1" ind2=" " tag="029"><subfield code="a">AU@</subfield><subfield code="b">000020439262</subfield></datafield><datafield ind1=" " ind2=" " tag="042"><subfield code="a">msc</subfield></datafield><datafield ind1=" " ind2=" " tag="043"><subfield code="a">n-us-wa</subfield></datafield><datafield ind1="0" ind2="4" tag="245"><subfield code="a">The Pasco express and Pasco progress.</subfield></datafield><datafield ind1=" " ind2=" " tag="260"><subfield code="a">Pasco, Wash. :</subfield><subfield code="b">Express Print. &amp; Pub. Co.</subfield></datafield><datafield ind1=" " ind2=" " tag="300"><subfield code="a">v.</subfield></datafield><datafield ind1=" " ind2=" " tag="310"><subfield code="a">Weekly</subfield></datafield><datafield ind1="0" ind2=" " tag="362"><subfield code="a">Vol. 13, no. 23 (June 4, 1915)-v. 16, no. [22] (May 24, [1918]).</subfield></datafield><datafield ind1=" " ind2="0" tag="651"><subfield code="a">Pasco (Wash.)</subfield><subfield code="v">Newspapers.</subfield></datafield><datafield ind1=" " ind2="7" tag="655"><subfield code="a">Newspapers.</subfield><subfield code="2">fast</subfield><subfield code="0">(OCoLC)fst01423814</subfield></datafield><datafield ind1=" " ind2="7" tag="651"><subfield code="a">Washington (State)</subfield><subfield code="z">Pasco.</subfield><subfield code="2">fast</subfield><subfield code="0">(OCoLC)fst01222760</subfield></datafield><datafield ind1=" " ind2=" " tag="752"><subfield code="a">United States</subfield><subfield code="b">Washington</subfield><subfield code="c">Franklin</subfield><subfield code="d">Pasco.</subfield></datafield><datafield ind1="0" ind2="4" tag="780"><subfield code="t">Pasco progress</subfield></datafield><datafield ind1="0" ind2="4" tag="780"><subfield code="t">Pasco express</subfield><subfield code="w">(DLC)sn 86064015</subfield></datafield><datafield ind1="0" ind2="0" tag="785"><subfield code="t">Pasco herald</subfield><subfield code="w">(DLC)sn 86071980</subfield></datafield></record>